@Manual{R-extrafont,
  title = {extrafont: Tools for using fonts},
  author = {Winston Chang,},
  year = {2014},
  note = {R package version 0.17},
  url = {https://CRAN.R-project.org/package=extrafont},
}
@Manual{R-HDA,
  title = {HDA: Performs Routine Health Data Analytics Tasks},
  author = {Stephen Holsenbeck},
  note = {R package version 0.0.0.9000},
  url = {http://github.com/yogat3ch/HDA},
  year = {2019},
}
@Manual{R-htmltools,
  title = {htmltools: Tools for HTML},
  author = {{RStudio} and {Inc.}},
  year = {2017},
  note = {R package version 0.3.6},
  url = {https://CRAN.R-project.org/package=htmltools},
}
@Manual{R-magrittr,
  title = {magrittr: A Forward-Pipe Operator for R},
  author = {Stefan Milton Bache and Hadley Wickham},
  year = {2014},
  note = {R package version 1.5},
  url = {https://CRAN.R-project.org/package=magrittr},
}
@Manual{R-metafor,
  title = {metafor: Meta-Analysis Package for R},
  author = {Wolfgang Viechtbauer},
  year = {2017},
  note = {R package version 2.0-0},
  url = {https://CRAN.R-project.org/package=metafor},
}
@Manual{R-tidyverse,
  title = {tidyverse: Easily Install and Load the 'Tidyverse'},
  author = {Hadley Wickham},
  year = {2017},
  note = {R package version 1.2.1},
  url = {https://CRAN.R-project.org/package=tidyverse},
}
